@Book{thinking1,
	author  = 	"Bruce Eckel",
	title   = 	"Thinking in C++",
	publisher =	"Wydawnictwo HELION",
	year    = 		2002,
	edition =	"second"
}

@Book{thinking2,
	author  = 	"Bruce Eckel",
	title   = 	"Thinking in C++, Tom 2",
	publisher =	"Edition 2000",
	year    = 		2006,
	edition =	"second"
}

@Book{LinuxNetworkProgramming,
	author  = 	"Keir Daivs, John W. Turner and Nathan Yocom",
	title   = 	"The definitive guide to Linux Network Programming",
	publisher =	"Apress Media LLC.",
	year    = 	2004,
	edition =	"second"
}

@Book{ProLinuxEmbedded,
	author  = 	"Gene Sally",
	title   = 	"Pro Linux Embedded Systems",
	publisher =	"APRESS",
	year    = 	2010,
	ISBN    = 	"978-1-4302-7227-4"
}

@Book{AnalysisAndSynthesis,
	author  = 	"Paul Pop, Petru Eles and Zebo Peng",
	title   = 	"Analysis and Synthesis of Distributed Real-Time Embedded Systems",
	publisher =	"Springer Science+Buissness LLC",
	year    = 	2004,
	ISBN    = 	"978-1-4020-2873-1"
}

@Book{RaspberryPi,
	author  = 	"Eben Upton and Gareth Halfacree",
	title   = 	"Raspberry Pi. Przewodnik użytkownika.",
	publisher =	"Helion",
	year    = 	2013,
	ISBN    = 	"978-83-246-7316-2"
}

@Book{Programista35,
	author 	  = "Paweł Szczur",
	title 	  = "Własny monitoring dla stron WWW",
	journal   = "Programista",
	volume 	  = 35,
	year 	  = 2015,
	pages     = {12-15},
	publisher = "Dom Wydawniczy Anna Adamczyk"
}


